<record><leader>00000cas a22000007a 4500</leader><controlfield tag="001">17358588</controlfield><controlfield tag="008">880119d18891939ohuwr ne      0    0eng d</controlfield><datafield ind1=" " ind2=" " tag="010"><subfield code="a">sn 88078156 </subfield></datafield><datafield ind1=" " ind2=" " tag="040"><subfield code="a">ONP</subfield><subfield code="b">eng</subfield><subfield code="c">ONP</subfield><subfield code="d">OCLCQ</subfield></datafield><datafield ind1=" " ind2=" " tag="042"><subfield code="a">msc</subfield></datafield><datafield ind1="0" ind2="4" tag="245"><subfield code="a">The Adamsville register.</subfield></datafield><datafield ind1=" " ind2=" " tag="260"><subfield code="a">Adamsville, Ohio :</subfield><subfield code="b">E. Spencer,</subfield><subfield code="c">-1939.</subfield></datafield><datafield ind1=" " ind2=" " tag="310"><subfield code="a">Weekly</subfield></datafield><datafield ind1="1" ind2=" " tag="362"><subfield code="a">Began in 1889.</subfield></datafield><datafield ind1="0" ind2=" " tag="362"><subfield code="a">-51st year, no. 42 (Dec. 27, 1939).</subfield></datafield><datafield ind1=" " ind2=" " tag="588"><subfield code="a">Description based on: Vol. 2, no. 2 (Mar. 18, 1890).</subfield></datafield><datafield ind1=" " ind2=" " tag="752"><subfield code="a">United States</subfield><subfield code="b">Ohio</subfield><subfield code="c">Muskingum</subfield><subfield code="d">Adamsville.</subfield></datafield><datafield ind1="0" ind2="4" tag="785"><subfield code="t">Dresden transcript Tri-County American</subfield><subfield code="w">(DLC)sn 88078159</subfield></datafield></record>